<?xml version="1.0" encoding="UTF-8"?><record xmlns="http://www.loc.gov/MARC21/slim" xmlns:cinclude="http://apache.org/cocoon/include/1.0" xmlns:zs="http://www.loc.gov/zing/srw/">
  <leader>00724cz  a2200205n  4500</leader>
  <controlfield tag="001">n  97063928 </controlfield>
  <controlfield tag="003">DLC</controlfield>
  <controlfield tag="005">20000504095226.0</controlfield>
  <controlfield tag="008">970623n| acaaaaaa           |a ana      </controlfield>
  <datafield tag="010" ind1=" " ind2=" ">
    <subfield code="a">n  97063928 </subfield>
  </datafield>
  <datafield tag="040" ind1=" " ind2=" ">
    <subfield code="a">DLC</subfield>
    <subfield code="c">DLC</subfield>
  </datafield>
  <datafield tag="130" ind1=" " ind2="0">
    <subfield code="a">Physikotheologie im historischen Kontext</subfield>
  </datafield>
  <datafield tag="530" ind1=" " ind2="0">
    <subfield code="w">b</subfield>
    <subfield code="a">Natur, Wissenschaft, Theologie</subfield>
  </datafield>
  <datafield tag="642" ind1=" " ind2=" ">
    <subfield code="a">Bd. 5</subfield>
    <subfield code="5">DLC</subfield>
  </datafield>
  <datafield tag="643" ind1=" " ind2=" ">
    <subfield code="a">MuĚnster</subfield>
    <subfield code="b">Lit</subfield>
  </datafield>
  <datafield tag="644" ind1=" " ind2=" ">
    <subfield code="a">f</subfield>
    <subfield code="5">DLC</subfield>
  </datafield>
  <datafield tag="645" ind1=" " ind2=" ">
    <subfield code="a">t</subfield>
    <subfield code="5">DLC</subfield>
  </datafield>
  <datafield tag="646" ind1=" " ind2=" ">
    <subfield code="a">s</subfield>
    <subfield code="5">DLC</subfield>
  </datafield>
  <datafield tag="670" ind1=" " ind2=" ">
    <subfield code="a">Die Arzneimittel in der Physikotheologie, 1996:</subfield>
    <subfield code="b">ser. t.p. (Physikotheologie im historischen Kontext)</subfield>
  </datafield>
  <datafield tag="675" ind1=" " ind2=" ">
    <subfield code="a">"--denn Gott schafft nichts umsonst!", 1999: ser. t.p. (Natur, Wissenschaft, Theologie; neue Folge der Reihe "Physikotheologie im historischen Kontext")</subfield>
  </datafield>
</record>